<record><leader>00000cas a22000007a 4500</leader><controlfield tag="001">23156634</controlfield><controlfield tag="008">910226d19591959couwr ne      0    0eng d</controlfield><datafield ind1=" " ind2=" " tag="010"><subfield code="a">sn 91052226 </subfield></datafield><datafield ind1=" " ind2=" " tag="040"><subfield code="a">CNQ</subfield><subfield code="b">eng</subfield><subfield code="c">CNQ</subfield><subfield code="d">OCLCQ</subfield></datafield><datafield ind1=" " ind2=" " tag="042"><subfield code="a">msc</subfield></datafield><datafield ind1="0" ind2="4" tag="245"><subfield code="a">The Loveland news.</subfield></datafield><datafield ind1="3" ind2="0" tag="246"><subfield code="a">Loveland news (continuing the Loveland round-up)</subfield></datafield><datafield ind1=" " ind2=" " tag="260"><subfield code="a">Loveland, Colo. :</subfield><subfield code="b">Ralph R. Shuey</subfield></datafield><datafield ind1=" " ind2=" " tag="300"><subfield code="a">v.</subfield></datafield><datafield ind1=" " ind2=" " tag="310"><subfield code="a">Weekly</subfield></datafield><datafield ind1="0" ind2=" " tag="362"><subfield code="a">Vol. 12, no. 5 (Jan. 29, 1959)-v. 12, no. 32 (Aug. 6, 1959).</subfield></datafield><datafield ind1=" " ind2=" " tag="530"><subfield code="a">Available on microfilm from the Colorado Historical Society.</subfield></datafield><datafield ind1=" " ind2=" " tag="752"><subfield code="a">United States</subfield><subfield code="b">Colorado</subfield><subfield code="c">Larimer</subfield><subfield code="d">Loveland.</subfield></datafield><datafield ind1="0" ind2="0" tag="780"><subfield code="t">Loveland round-up</subfield><subfield code="w">(DLC)sn 90099918</subfield></datafield><datafield ind1="0" ind2="7" tag="785"><subfield code="t">Larimer County times (continuing the Fort Collins times)</subfield><subfield code="w">(DLC)sn 91052227</subfield></datafield><datafield ind1="0" ind2="7" tag="785"><subfield code="t">Larimer County times-news</subfield><subfield code="w">(DLC)sn 90099919</subfield></datafield></record>